<collection xmlns="http://www.loc.gov/MARC21/slim">
<record>
  <leader>01584nam0a2200289 i 450 </leader>
  <controlfield tag="001">IT\ICCU\CNCE\015810</controlfield>
  <controlfield tag="005">20070606000000.0</controlfield>
  <datafield tag="012" ind1=" " ind2=" ">
    <subfield code="a">i.i, i,e, i,e, i,e, (C) 1584 (Q)</subfield>
    <subfield code="2">fei</subfield>
  </datafield>
  <datafield tag="100" ind1=" " ind2=" ">
    <subfield code="a">19970101f1584        0itac0103    ba</subfield>
  </datafield>
  <datafield tag="101" ind1=" " ind2=" ">
    <subfield code="a">ITA</subfield>
  </datafield>
  <datafield tag="102" ind1=" " ind2=" ">
    <subfield code="a">IT</subfield>
  </datafield>
  <datafield tag="200" ind1="1" ind2=" ">
    <subfield code="a">℗Il ℗testamento di m. Latantio Mescolotti cittadin del mondo. Composto in ottaua rima, per spasso, et recreatione di tut</subfield>
  </datafield>
  <datafield tag="210" ind1=" " ind2=" ">
    <subfield code="a">In Trento</subfield>
    <subfield code="d">\non prima del 1584!</subfield>
  </datafield>
  <datafield tag="215" ind1=" " ind2=" ">
    <subfield code="a">\4! c.</subfield>
    <subfield code="d">8ʻ</subfield>
  </datafield>
  <datafield tag="300" ind1=" " ind2=" ">
    <subfield code="a">Stampata da Giovanni Battista e Giacomo Gelmini; per il tipografo cfr.: ESTER, Editori e Tipografi di Trento e Rovereto, n. 10798. - La data si ricava dall&apos;attivit ̉dei tipografi</subfield>
  </datafield>
  <datafield tag="620" ind1=" " ind2=" ">
    <subfield code="a">IT</subfield>
    <subfield code="d">Trento</subfield>
  </datafield>
  <datafield tag="700" ind1=" " ind2="1">
    <subfield code="a">Croce,</subfield>
    <subfield code="b">Giulio Cesare</subfield>
    <subfield code="3">IT\ICCU\CNCA\003591</subfield>
  </datafield>
  <datafield tag="712" ind1="0" ind2="0">
    <subfield code="a">Gelmini, Giovanni Battista &amp; Gelmini, Giacomo</subfield>
    <subfield code="3">IT\ICCU\CNCT\000438</subfield>
    <subfield code="4">650</subfield>
  </datafield>
  <datafield tag="790" ind1=" " ind2="0">
    <subfield code="a">Academico frusto</subfield>
    <subfield code="3">IT\ICCU\CNCA\012334</subfield>
    <subfield code="z">Croce, Giulio Cesare</subfield>
  </datafield>
  <datafield tag="790" ind1=" " ind2="0">
    <subfield code="a">℗Il ℗Capriccioso Accademico Bizzarro</subfield>
    <subfield code="3">IT\ICCU\CNCA\013152</subfield>
    <subfield code="z">Croce, Giulio Cesare</subfield>
  </datafield>
  <datafield tag="790" ind1=" " ind2="1">
    <subfield code="a">Della_Croce,</subfield>
    <subfield code="b">Giulio Cesare</subfield>
    <subfield code="3">IT\ICCU\CNCA\015199</subfield>
    <subfield code="z">Croce, Giulio Cesare</subfield>
  </datafield>
  <datafield tag="790" ind1=" " ind2="1">
    <subfield code="a">Dalla_Croce,</subfield>
    <subfield code="b">Giulio Cesare</subfield>
    <subfield code="3">IT\ICCU\CNCA\015200</subfield>
    <subfield code="z">Croce, Giulio Cesare</subfield>
  </datafield>
  <datafield tag="790" ind1=" " ind2="1">
    <subfield code="a">Della_Lira,</subfield>
    <subfield code="b">Giulio</subfield>
    <subfield code="3">IT\ICCU\CNCA\015202</subfield>
    <subfield code="z">Croce, Giulio Cesare</subfield>
  </datafield>
  <datafield tag="790" ind1=" " ind2="1">
    <subfield code="a">Salcizza,</subfield>
    <subfield code="b">Zan</subfield>
    <subfield code="3">IT\ICCU\CNCA\017811</subfield>
    <subfield code="z">Croce, Giulio Cesare</subfield>
  </datafield>
  <datafield tag="791" ind1="0" ind2="0">
    <subfield code="a">Gelmini, Giacomo</subfield>
    <subfield code="3">IT\ICCU\CNCT\000439</subfield>
    <subfield code="z">Gelmini, Giovanni Battista &amp; Gelmini, Giacomo</subfield>
  </datafield>
  <datafield tag="801" ind1=" " ind2="3">
    <subfield code="a">IT</subfield>
    <subfield code="b">ICCU</subfield>
    <subfield code="c">20201114</subfield>
  </datafield>
  <datafield tag="899" ind1=" " ind2=" ">
    <subfield code="a">Biblioteca nazionale Marciana. Venezia</subfield>
    <subfield code="1">VE0049</subfield>
    <subfield code="2">VEA BM</subfield>
  </datafield>
</record>
</collection>
